%% This BibTeX bibliography file was created using BibDesk.
%% http://bibdesk.sourceforge.net/


%% Created for Christoph Drost at 2014-12-17 21:43:52 +0100 


%% Saved with string encoding Unicode (UTF-8) 



@article{etsi2004300,
	Author = {ETSI, EN},
	Date-Added = {2014-12-17 20:43:25 +0000},
	Date-Modified = {2014-12-17 20:43:25 +0000},
	Journal = {Digital video broadcasting (DVB)},
	Title = {300 744 v1. 5.1,``},
	Year = {2004}}
